<?xml version="1.0" encoding="UTF-8"?>
<collection xmlns="http://www.loc.gov/MARC21/slim">
  <record>
    <leader>00000nam#a2200000#c#4500</leader>
    <datafield tag="035" ind1=" " ind2=" ">
      <subfield code="a">KUR00770926</subfield>
    </datafield>
  </record>
  <record>
    <leader>00000nam#a2200000#c#4500</leader>
    <controlfield tag="005">20200518164500.0</controlfield>
    <controlfield tag="007">cu#|||||||||||</controlfield>
    <controlfield tag="007">tu</controlfield>
    <controlfield tag="008">190923|2009####xx############|||#|#eng#c</controlfield>
    <controlfield tag="009">KUR00770729</controlfield>
    <controlfield tag="001">990042506090206443</controlfield>
    <datafield tag="035" ind1=" " ind2=" ">
      <subfield code="a">KUR00770729</subfield>
    </datafield>
    <datafield tag="035" ind1=" " ind2=" ">
      <subfield code="a">(DE-61)KUR00770729</subfield>
    </datafield>
    <datafield tag="035" ind1=" " ind2=" ">
      <subfield code="a">(Aleph)004250609DUE01</subfield>
    </datafield>
    <datafield tag="020" ind1=" " ind2=" ">
      <subfield code="a">9780735626218</subfield>
      <subfield code="0">(uri) http://www.isbnsearch.org/isbn/9780735626218</subfield>
    </datafield>
    <datafield tag="020" ind1=" " ind2=" ">
      <subfield code="a">0735626219</subfield>
      <subfield code="0">(uri) http://www.isbnsearch.org/isbn/0735626219</subfield>
    </datafield>
    <datafield tag="041" ind1=" " ind2=" ">
      <subfield code="a">eng</subfield>
    </datafield>
    <datafield tag="100" ind1="1" ind2=" ">
      <subfield code="a">Esposito, Dino</subfield>
      <subfield code="4">aut</subfield>
    </datafield>
    <datafield tag="245" ind1="1" ind2="0">
      <subfield code="a">Microsoft ASP.NET and Ajax</subfield>
      <subfield code="b">architecting Web applications</subfield>
      <subfield code="c">by Dino Esposito</subfield>
    </datafield>
    <datafield tag="264" ind1=" " ind2="1">
      <subfield code="a">Redmond, Wash.</subfield>
      <subfield code="b">Microsoft Press</subfield>
      <subfield code="c">c2009</subfield>
    </datafield>
    <datafield tag="300" ind1=" " ind2=" ">
      <subfield code="a">1 v. (unpaged)</subfield>
      <subfield code="b">ill</subfield>
    </datafield>
    <datafield tag="336" ind1=" " ind2=" ">
      <subfield code="b">txt</subfield>
    </datafield>
    <datafield tag="337" ind1=" " ind2=" ">
      <subfield code="b">c</subfield>
    </datafield>
    <datafield tag="338" ind1=" " ind2=" ">
      <subfield code="b">cr</subfield>
    </datafield>
    <datafield tag="500" ind1=" " ind2=" ">
      <subfield code="a">Title from resource description page. - Includes index</subfield>
      <subfield code="9">F:501</subfield>
    </datafield>
    <datafield tag="533" ind1=" " ind2=" ">
      <subfield code="a">Electronic reproduction</subfield>
      <subfield code="b">Boston, Mass.</subfield>
      <subfield code="c">Safari Books Online</subfield>
    </datafield>
    <datafield tag="583" ind1=" " ind2=" ">
      <subfield code="h">2009</subfield>
    </datafield>
    <datafield tag="650" ind1=" " ind2="4">
      <subfield code="a">Web sites / Design</subfield>
    </datafield>
    <datafield tag="650" ind1=" " ind2="4">
      <subfield code="a">Ajax (Web site development technology)</subfield>
    </datafield>
    <datafield tag="650" ind1=" " ind2="4">
      <subfield code="a">Microsoft .NET.</subfield>
    </datafield>
    <datafield tag="688" ind1=" " ind2=" ">
      <subfield code="a">Active server pages</subfield>
    </datafield>
    <datafield tag="710" ind1="2" ind2=" ">
      <subfield code="a">Microsoft Corporation</subfield>
      <subfield code="4">oth</subfield>
    </datafield>
    <datafield tag="856" ind1="4" ind2=" ">
      <subfield code="z">Connect to this resource online</subfield>
      <subfield code="u">http://proquest.tech.safaribooksonline.de/?uiCode=Duesseldorf&amp;xmlId=9780735626218</subfield>
      <subfield code="z">Zugriff nur im Hochschulnetz der Universität Düsseldorf</subfield>
    </datafield>
    <datafield tag="980" ind1="1" ind2=" ">
      <subfield code="e">safari-2019</subfield>
      <subfield code="9">LOCAL</subfield>
    </datafield>
    <datafield tag="MBD" ind1=" " ind2=" ">
      <subfield code="M">49HBZ_DUE</subfield>
      <subfield code="i">990042506090206443</subfield>
      <subfield code="n">Universität Düsseldorf</subfield>
    </datafield>
    <datafield tag="MNG" ind1=" " ind2=" ">
      <subfield code="f">ILS</subfield>
      <subfield code="i">marc21</subfield>
      <subfield code="k">01</subfield>
      <subfield code="e">false</subfield>
      <subfield code="g">004250609-DUE01</subfield>
      <subfield code="j">00</subfield>
      <subfield code="a">import</subfield>
      <subfield code="b">2020-07-01 12:09:43 Europe/Berlin</subfield>
    </datafield>
  </record>