
  <record>
    <leader>00000nam#a2200000#c#4500</leader>
    <controlfield tag="005">20200518164500.0</controlfield>
    <controlfield tag="007">cu#|||||||||||</controlfield>
    <controlfield tag="007">tu</controlfield>
    <controlfield tag="008">190923|2014####xx############|||#|#eng#c</controlfield>
    <controlfield tag="009">KUR00770474</controlfield>
    <controlfield tag="001">990042503540206443</controlfield>
    <datafield tag="035" ind1=" " ind2=" ">
      <subfield code="a">KUR00770474</subfield>
    </datafield>
    <datafield tag="035" ind1=" " ind2=" ">
      <subfield code="a">(DE-61)KUR00770474</subfield>
    </datafield>
    <datafield tag="035" ind1=" " ind2=" ">
      <subfield code="a">(Aleph)004250354DUE01</subfield>
    </datafield>
    <datafield tag="020" ind1=" " ind2=" ">
      <subfield code="a">9781400848911</subfield>
      <subfield code="0">(uri) http://www.isbnsearch.org/isbn/9781400848911</subfield>
    </datafield>
    <datafield tag="020" ind1=" " ind2=" ">
      <subfield code="a">1400848911</subfield>
      <subfield code="0">(uri) http://www.isbnsearch.org/isbn/1400848911</subfield>
    </datafield>
    <datafield tag="020" ind1=" " ind2=" ">
      <subfield code="a">9780691151687</subfield>
      <subfield code="0">(uri) http://www.isbnsearch.org/isbn/9780691151687</subfield>
    </datafield>
    <datafield tag="041" ind1=" " ind2=" ">
      <subfield code="a">eng</subfield>
    </datafield>
    <datafield tag="245" ind1="0" ind2="0">
      <subfield code="a">Statistics, data mining, and machine learning in astronomy</subfield>
      <subfield code="b">a practical Python guide for the analysis of survey data</subfield>
      <subfield code="c">Željko Ivezić ... [et al.]</subfield>
    </datafield>
    <datafield tag="246" ind1="1" ind2="1">
      <subfield code="a">Practical Python guide for the analysis of survey data</subfield>
    </datafield>
    <datafield tag="264" ind1=" " ind2="1">
      <subfield code="a">Princeton, N.J.</subfield>
      <subfield code="b">Princeton University Press</subfield>
      <subfield code="c">c2014</subfield>
    </datafield>
    <datafield tag="300" ind1=" " ind2=" ">
      <subfield code="a">1 online resource (x, 540 p.)</subfield>
      <subfield code="b">ill</subfield>
    </datafield>
    <datafield tag="336" ind1=" " ind2=" ">
      <subfield code="b">txt</subfield>
    </datafield>
    <datafield tag="337" ind1=" " ind2=" ">
      <subfield code="b">c</subfield>
    </datafield>
    <datafield tag="338" ind1=" " ind2=" ">
      <subfield code="b">cr</subfield>
    </datafield>
    <datafield tag="490" ind1="0" ind2=" ">
      <subfield code="a">Princeton series in modern observational astronomy</subfield>
    </datafield>
    <datafield tag="505" ind1="0" ind2=" ">
      <subfield code="a">Includes bibliographical references and index</subfield>
      <subfield code="9">F:517c</subfield>
    </datafield>
    <datafield tag="650" ind1=" " ind2="4">
      <subfield code="a">Astronomy / Data processing</subfield>
    </datafield>
    <datafield tag="650" ind1=" " ind2="4">
      <subfield code="a">Statistical astronomy</subfield>
    </datafield>
    <datafield tag="650" ind1=" " ind2="4">
      <subfield code="a">Python (Computer program language)</subfield>
    </datafield>
    <datafield tag="700" ind1="1" ind2=" ">
      <subfield code="a">Ivezić, Ž‌eljko</subfield>
      <subfield code="4">oth</subfield>
    </datafield>
    <datafield tag="856" ind1="4" ind2=" ">
      <subfield code="z">Connect to this resource online</subfield>
      <subfield code="u">http://proquest.tech.safaribooksonline.de/?uiCode=Duesseldorf&amp;xmlId=9780691151687</subfield>
      <subfield code="z">Zugriff nur im Hochschulnetz der Universität Düsseldorf</subfield>
    </datafield>
    <datafield tag="980" ind1="1" ind2=" ">
      <subfield code="e">safari-2019</subfield>
      <subfield code="9">LOCAL</subfield>
    </datafield>
    <datafield tag="MBD" ind1=" " ind2=" ">
      <subfield code="M">49HBZ_DUE</subfield>
      <subfield code="i">990042503540206443</subfield>
      <subfield code="n">Universität Düsseldorf</subfield>
    </datafield>
    <datafield tag="MNG" ind1=" " ind2=" ">
      <subfield code="f">ILS</subfield>
      <subfield code="i">marc21</subfield>
      <subfield code="k">01</subfield>
      <subfield code="e">false</subfield>
      <subfield code="g">004250354-DUE01</subfield>
      <subfield code="j">00</subfield>
      <subfield code="a">import</subfield>
      <subfield code="b">2020-07-01 12:09:44 Europe/Berlin</subfield>
    </datafield>
  </record>