
  <record>
    <leader>00000nam#a2200000#c#4500</leader>
    <controlfield tag="005">20200518164500.0</controlfield>
    <controlfield tag="007">cu#|||||||||||</controlfield>
    <controlfield tag="007">tu</controlfield>
    <controlfield tag="008">190923|2011####xx############|||#|#eng#c</controlfield>
    <controlfield tag="009">KUR00770787</controlfield>
    <controlfield tag="001">990042506670206443</controlfield>
    <datafield tag="035" ind1=" " ind2=" ">
      <subfield code="a">KUR00770787</subfield>
    </datafield>
    <datafield tag="035" ind1=" " ind2=" ">
      <subfield code="a">(DE-61)KUR00770787</subfield>
    </datafield>
    <datafield tag="035" ind1=" " ind2=" ">
      <subfield code="a">(Aleph)004250667DUE01</subfield>
    </datafield>
    <datafield tag="020" ind1=" " ind2=" ">
      <subfield code="a">9780735627260</subfield>
      <subfield code="c">(pbk.)</subfield>
      <subfield code="0">(uri) http://www.isbnsearch.org/isbn/9780735627260</subfield>
    </datafield>
    <datafield tag="020" ind1=" " ind2=" ">
      <subfield code="a">0735627266</subfield>
      <subfield code="c">(pbk.)</subfield>
      <subfield code="0">(uri) http://www.isbnsearch.org/isbn/0735627266</subfield>
    </datafield>
    <datafield tag="041" ind1=" " ind2=" ">
      <subfield code="a">eng</subfield>
    </datafield>
    <datafield tag="100" ind1="1" ind2=" ">
      <subfield code="a">Londer, Olga</subfield>
      <subfield code="4">aut</subfield>
    </datafield>
    <datafield tag="245" ind1="1" ind2="0">
      <subfield code="a">Microsoft SharePoint Foundation 2010</subfield>
      <subfield code="b">step by step</subfield>
      <subfield code="c">Olga Londer, Penelope Coventry</subfield>
    </datafield>
    <datafield tag="246" ind1="1" ind2="1">
      <subfield code="a">Step by step Microsoft SharePoint Foundation 2010</subfield>
    </datafield>
    <datafield tag="264" ind1=" " ind2="1">
      <subfield code="a">Redmond, Wash.</subfield>
      <subfield code="b">Microsoft Press</subfield>
      <subfield code="c">c2011</subfield>
    </datafield>
    <datafield tag="300" ind1=" " ind2=" ">
      <subfield code="a">1 online resource (xxvii, 482 p.)</subfield>
      <subfield code="b">ill</subfield>
    </datafield>
    <datafield tag="336" ind1=" " ind2=" ">
      <subfield code="b">txt</subfield>
    </datafield>
    <datafield tag="337" ind1=" " ind2=" ">
      <subfield code="b">c</subfield>
    </datafield>
    <datafield tag="338" ind1=" " ind2=" ">
      <subfield code="b">cr</subfield>
    </datafield>
    <datafield tag="490" ind1="0" ind2=" ">
      <subfield code="a">Step by step</subfield>
    </datafield>
    <datafield tag="500" ind1=" " ind2=" ">
      <subfield code="a">Includes index</subfield>
      <subfield code="9">F:501</subfield>
    </datafield>
    <datafield tag="650" ind1=" " ind2="4">
      <subfield code="a">Intranets (Computer networks)</subfield>
    </datafield>
    <datafield tag="650" ind1=" " ind2="4">
      <subfield code="a">Web servers</subfield>
    </datafield>
    <datafield tag="650" ind1=" " ind2="4">
      <subfield code="a">Client/server computing</subfield>
    </datafield>
    <datafield tag="688" ind1=" " ind2=" ">
      <subfield code="a">Microsoft Office SharePoint server</subfield>
    </datafield>
    <datafield tag="700" ind1="1" ind2=" ">
      <subfield code="a">Coventry, Penelope</subfield>
      <subfield code="4">oth</subfield>
    </datafield>
    <datafield tag="856" ind1="4" ind2=" ">
      <subfield code="z">Connect to this resource online</subfield>
      <subfield code="u">http://proquest.tech.safaribooksonline.de/?uiCode=Duesseldorf&amp;xmlId=9780735647862</subfield>
      <subfield code="z">Zugriff nur im Hochschulnetz der Universität Düsseldorf</subfield>
    </datafield>
    <datafield tag="980" ind1="1" ind2=" ">
      <subfield code="e">safari-2019</subfield>
      <subfield code="9">LOCAL</subfield>
    </datafield>
    <datafield tag="MBD" ind1=" " ind2=" ">
      <subfield code="M">49HBZ_DUE</subfield>
      <subfield code="i">990042506670206443</subfield>
      <subfield code="n">Universität Düsseldorf</subfield>
    </datafield>
    <datafield tag="MNG" ind1=" " ind2=" ">
      <subfield code="f">ILS</subfield>
      <subfield code="i">marc21</subfield>
      <subfield code="k">01</subfield>
      <subfield code="e">false</subfield>
      <subfield code="g">004250667-DUE01</subfield>
      <subfield code="j">00</subfield>
      <subfield code="a">import</subfield>
      <subfield code="b">2020-07-01 12:09:44 Europe/Berlin</subfield>
    </datafield>
  </record>