
  <record>
    <leader>00000nam#a2200000#c#4500</leader>
    <controlfield tag="005">20200518164500.0</controlfield>
    <controlfield tag="007">cu#|||||||||||</controlfield>
    <controlfield tag="007">tu</controlfield>
    <controlfield tag="008">190923|2000####xx############|||#|#eng#c</controlfield>
    <controlfield tag="009">KUR00771339</controlfield>
    <controlfield tag="001">990042512190206443</controlfield>
    <datafield tag="035" ind1=" " ind2=" ">
      <subfield code="a">KUR00771339</subfield>
    </datafield>
    <datafield tag="035" ind1=" " ind2=" ">
      <subfield code="a">(DE-61)KUR00771339</subfield>
    </datafield>
    <datafield tag="035" ind1=" " ind2=" ">
      <subfield code="a">(Aleph)004251219DUE01</subfield>
    </datafield>
    <datafield tag="020" ind1=" " ind2=" ">
      <subfield code="a">9780080535081</subfield>
      <subfield code="0">(uri) http://www.isbnsearch.org/isbn/9780080535081</subfield>
    </datafield>
    <datafield tag="020" ind1=" " ind2=" ">
      <subfield code="a">0080535089</subfield>
      <subfield code="0">(uri) http://www.isbnsearch.org/isbn/0080535089</subfield>
    </datafield>
    <datafield tag="020" ind1=" " ind2=" ">
      <subfield code="a">9780750645836</subfield>
      <subfield code="0">(uri) http://www.isbnsearch.org/isbn/9780750645836</subfield>
    </datafield>
    <datafield tag="041" ind1=" " ind2=" ">
      <subfield code="a">eng</subfield>
    </datafield>
    <datafield tag="100" ind1="1" ind2=" ">
      <subfield code="a">Crisp, John</subfield>
      <subfield code="4">aut</subfield>
    </datafield>
    <datafield tag="245" ind1="1" ind2="0">
      <subfield code="a">Introduction to digital systems</subfield>
      <subfield code="c">John Crisp</subfield>
    </datafield>
    <datafield tag="264" ind1=" " ind2="1">
      <subfield code="a">Oxford</subfield>
      <subfield code="b">Newnes</subfield>
      <subfield code="c">2000</subfield>
    </datafield>
    <datafield tag="300" ind1=" " ind2=" ">
      <subfield code="a">1 online resource (vii, 296 p.)</subfield>
      <subfield code="b">ill</subfield>
    </datafield>
    <datafield tag="336" ind1=" " ind2=" ">
      <subfield code="b">txt</subfield>
    </datafield>
    <datafield tag="337" ind1=" " ind2=" ">
      <subfield code="b">c</subfield>
    </datafield>
    <datafield tag="338" ind1=" " ind2=" ">
      <subfield code="b">cr</subfield>
    </datafield>
    <datafield tag="505" ind1="0" ind2=" ">
      <subfield code="a">Includes bibliographical references (p. 292) and index</subfield>
      <subfield code="9">F:517c</subfield>
    </datafield>
    <datafield tag="650" ind1=" " ind2="4">
      <subfield code="a">Digital electronics</subfield>
    </datafield>
    <datafield tag="650" ind1=" " ind2="4">
      <subfield code="a">Electronic circuit design</subfield>
    </datafield>
    <datafield tag="856" ind1="4" ind2=" ">
      <subfield code="z">Connect to this resource online</subfield>
      <subfield code="u">http://proquest.tech.safaribooksonline.de/?uiCode=Duesseldorf&amp;xmlId=9780750645836</subfield>
      <subfield code="z">Zugriff nur im Hochschulnetz der Universität Düsseldorf</subfield>
    </datafield>
    <datafield tag="980" ind1="1" ind2=" ">
      <subfield code="e">safari-2019</subfield>
      <subfield code="9">LOCAL</subfield>
    </datafield>
    <datafield tag="MBD" ind1=" " ind2=" ">
      <subfield code="M">49HBZ_DUE</subfield>
      <subfield code="i">990042512190206443</subfield>
      <subfield code="n">Universität Düsseldorf</subfield>
    </datafield>
    <datafield tag="MNG" ind1=" " ind2=" ">
      <subfield code="f">ILS</subfield>
      <subfield code="i">marc21</subfield>
      <subfield code="k">01</subfield>
      <subfield code="e">false</subfield>
      <subfield code="g">004251219-DUE01</subfield>
      <subfield code="j">00</subfield>
      <subfield code="a">import</subfield>
      <subfield code="b">2020-07-01 12:09:44 Europe/Berlin</subfield>
    </datafield>
  </record>